<record><leader>00000cas a22000007a 4500</leader><controlfield tag="001">18868465</controlfield><controlfield tag="008">881209d18901901mouwr ne      0    0eng d</controlfield><datafield ind1=" " ind2=" " tag="010"><subfield code="a">sn 88068012 </subfield></datafield><datafield ind1=" " ind2=" " tag="040"><subfield code="a">MQN</subfield><subfield code="b">eng</subfield><subfield code="c">MQN</subfield><subfield code="d">OCLCQ</subfield></datafield><datafield ind1=" " ind2=" " tag="042"><subfield code="a">msc</subfield></datafield><datafield ind1="0" ind2=" " tag="130"><subfield code="a">Fulton gazette (Fulton, Mo. : 1890)</subfield></datafield><datafield ind1="1" ind2="4" tag="245"><subfield code="a">The Fulton gazette.</subfield></datafield><datafield ind1=" " ind2=" " tag="260"><subfield code="a">Fulton, Callaway County, Mo. :</subfield><subfield code="b">Nichols &amp; Rice,</subfield><subfield code="c">1890-1901.</subfield></datafield><datafield ind1=" " ind2=" " tag="300"><subfield code="a">v.</subfield></datafield><datafield ind1=" " ind2=" " tag="310"><subfield code="a">Weekly</subfield></datafield><datafield ind1="0" ind2=" " tag="362"><subfield code="a">Vol. 14, no. 3 (June 5, 1890)- ; -24th year, no. 38 (Feb. 14, 1901).</subfield></datafield><datafield ind1=" " ind2=" " tag="752"><subfield code="a">United States</subfield><subfield code="b">Missouri</subfield><subfield code="c">Callaway</subfield><subfield code="d">Fulton.</subfield></datafield><datafield ind1="0" ind2="0" tag="780"><subfield code="t">Callaway gazette</subfield><subfield code="w">(DLC)sn 88068024</subfield></datafield><datafield ind1="0" ind2="0" tag="785"><subfield code="t">Fulton weekly gazette</subfield><subfield code="w">(DLC)sn 90061812</subfield></datafield></record>